%% This BibTeX bibliography file was created using BibDesk.
%% http://bibdesk.sourceforge.net/


%% Created for Matteo Riondato at 2014-03-25 08:06:44 -0400 


%% Saved with string encoding Unicode (UTF-8) 



@article{KaindlK97,
	Author = {Kaindl, Hermann and Kainz, Gerhard},
	Bibsource = {DBLP, http://dblp.uni-trier.de},
	Date-Added = {2013-08-14 12:42:02 +0200},
	Date-Modified = {2014-03-25 08:03:29 -0400},
	Doi = {10.1613/jair.460},
	Journal = {J. Artif. Intell. Res. (JAIR)},
	Pages = {283-317},
	Title = {Bidirectional Heuristic Search Reconsidered},
	Volume = {7},
	Year = {1997}}

@article{DC83,
	Acmid = {322360},
	Address = {New York, NY, USA},
	Author = {de Champeaux, Dennis},
	Date-Added = {2013-08-14 12:40:20 +0200},
	Date-Modified = {2014-03-25 08:04:30 -0400},
	Doi = {10.1145/322358.322360},
	Issn = {0004-5411},
	Issue_Date = {Jan. 1983},
	Journal = {J. ACM},
	Month = jan,
	Number = {1},
	Numpages = {11},
	Pages = {22--32},
	Publisher = {ACM},
	Title = {Bidirectional Heuristic Search Again},
	Volume = {30},
	Year = {1983},
	Bdsk-Url-1 = {http://doi.acm.org/10.1145/322358.322360},
	Bdsk-Url-2 = {http://dx.doi.org/10.1145/322358.322360}}

@article{SintDC77,
	Acmid = {322004},
	Address = {New York, NY, USA},
	Author = {Sint, Lenie and de Champeaux, Dennis},
	Date-Added = {2013-08-14 12:40:04 +0200},
	Date-Modified = {2014-03-25 08:04:09 -0400},
	Doi = {10.1145/322003.322004},
	Issn = {0004-5411},
	Issue_Date = {April 1977},
	Journal = {J. ACM},
	Month = apr,
	Number = {2},
	Numpages = {15},
	Pages = {177--191},
	Publisher = {ACM},
	Title = {An Improved Bidirectional Heuristic Search Algorithm},
	Volume = {24},
	Year = {1977},
	Bdsk-Url-1 = {http://doi.acm.org/10.1145/322003.322004},
	Bdsk-Url-2 = {http://dx.doi.org/10.1145/322003.322004}}

@phdthesis{Pohl69,
	Author = {Pohl, Ira},
	Date-Added = {2013-08-14 12:38:36 +0200},
	Date-Modified = {2013-08-14 12:39:41 +0200},
	School = {Stanford University},
	Title = {Bidirectional Heuristic Search in Path Problems},
	Year = {1969}}

@inproceedings{RiceT12,
	Author = {Rice, Michael N. and Tsotras, Vassilis J.},
	Bibsource = {DBLP, http://dblp.uni-trier.de},
	Booktitle = {SOCS},
	Crossref = {DBLP:conf/socs/2012},
	Date-Added = {2013-08-14 12:37:20 +0200},
	Date-Modified = {2013-08-14 12:45:43 +0200},
	Ee = {http://www.aaai.org/ocs/index.php/SOCS/SOCS12/paper/view/5372},
	Title = {Bidirectional A\textsuperscript{*} Search with Additive Approximation Bounds},
	Year = {2012}}

@proceedings{DBLP:conf/socs/2012,
	Bibsource = {DBLP, http://dblp.uni-trier.de},
	Booktitle = {SOCS},
	Date-Added = {2013-08-14 12:37:20 +0200},
	Date-Modified = {2013-08-14 12:37:20 +0200},
	Editor = {Borrajo, Daniel and Felner, Ariel and Korf, Richard E. and Likhachev, Maxim and L{\'o}pez, Carlos Linares and Ruml, Wheeler and Sturtevant, Nathan R.},
	Publisher = {AAAI Press},
	Title = {Proc.~5th Annu.~Symp.~Combinatorial Search, SOCS 2012, Niagara Falls, Ontario, Canada, July 19-21, 2012},
	Year = {2012}}
