@article{brandes2007centrality,
  title={Centrality estimation in large networks},
  author={Brandes, Ulrik and Pich, Christian},
  journal={International Journal of Bifurcation and Chaos},
  volume={17},
  number={07},
  pages={2303--2318},
  year={2007},
  publisher={World Scientific}
}

@article{bader2007approximating,
  title={Approximating betweenness centrality},
  author={Bader, David A and Kintali, Shiva and Madduri, Kamesh and Mihail, Milena},
  booktitle={Algorithms and models for the web-graph (WAW'07)},
  pages={124--137},
   volume={4863},
  year={2007},
}

@article{DBLP:conf/alenex/GeisbergerSS08,
  author    = {Robert Geisberger and
               Peter Sanders and
               Dominik Schultes},
  title     = {Better Approximation of Betweenness Centrality},
  booktitle = {Algorithm Engineering \& Experiments (ALENEX'08)},
  year      = {2008},
  pages     = {90-100},
  ee        = {http://www.siam.org/proceedings/alenex/2008/alx08_09geisbergerr.pdf},
  crossref  = {DBLP:conf/alenex/2008},
  bibsource = {DBLP, http://dblp.uni-trier.de}
}
