%% This BibTeX bibliography file was created using BibDesk.
%% http://bibdesk.sourceforge.net/


%% Created for Matteo Riondato at 2013-03-03 19:43:37 -0500 


%% Saved with string encoding Unicode (UTF-8) 



@article{HopcroftK73,
	Author = {Hopcroft, John E. and Karp, Richard M.},
	Citedby = {0},
	Cites = {0},
	Date-Added = {2013-03-03 19:36:22 -0500},
	Date-Modified = {2013-03-03 19:41:29 -0500},
	Journal = {SIAM J. Comput.},
	Number = {4},
	Pages = {225--231},
	Researchr = {http://researchr.org/publication/HopcroftK73},
	Tags = {graph-rewriting, rewriting, e-science},
	Title = {An {$n^5/2$} Algorithm for Maximum Matchings in Bipartite Graphs},
	Volume = {2},
	Year = {1973}}

@book{FordF62,
	Author = {Ford, Lester R and Fulkerson, Delbert R.},
	Date-Added = {2013-03-03 19:34:43 -0500},
	Date-Modified = {2013-03-03 19:35:38 -0500},
	Publisher = {Princeton University Press},
	Title = {Flows in Networks},
	Year = {1962}}

@article{Hirsch05,
	Author = {Hirsch, Jorge E.},
	Date-Added = {2013-02-09 16:47:46 -0500},
	Date-Modified = {2013-02-09 16:49:28 -0500},
	Journal = {Proceedings of the National Academy of Sciences of the United States of America},
	Number = {46},
	Pages = {16569--16572},
	Title = {An index to quantify an individual's scientific research output},
	Volume = {102},
	Year = {2005}}

@book{MitzenmacherU05,
	Author = {Mitzenmacher, Michael and Upfal, Eli},
	Date-Added = {2013-02-09 16:45:16 -0500},
	Date-Modified = {2013-02-09 16:46:31 -0500},
	Publisher = {Cambridge University Press},
	Title = {Probability and Computing: Randomized Algorithms and Probabilistic Analysis},
	Year = {2005}}
