%% This BibTeX bibliography file was created using BibDesk.
%% http://bibdesk.sourceforge.net/


%% Created for Matteo Riondato at 2014-03-25 09:30:51 -0400 


%% Saved with string encoding Unicode (UTF-8) 



@article{Kleinberg03,
	Author = {Kleinberg, Jon M.},
	Bibsource = {DBLP, http://dblp.uni-trier.de},
	Date-Added = {2014-03-14 10:49:40 -0400},
	Date-Modified = {2014-03-25 09:30:02 -0400},
	Doi = {10.1080/15427951.2004.10129077},
	Journal = {Internet Mathematics},
	Number = {1},
	Pages = {37--55},
	Title = {Detecting a Network Failure},
	Volume = {1},
	Year = {2003}}

@inproceedings{KleinbergSS04,
	Acmid = {982803},
	Address = {Philadelphia, PA, USA},
	Author = {Kleinberg, Jon and Sandler, Mark and Slivkins, Aleksandrs},
	Booktitle = {Proc.~11th Annu.~ACM-SIAM symp.~Discrete algorithms},
	Date-Added = {2014-03-14 10:49:40 -0400},
	Date-Modified = {2014-03-25 09:30:11 -0400},
	Isbn = {0-89871-558-X},
	Location = {New Orleans, Louisiana},
	Numpages = {10},
	Pages = {76--85},
	Publisher = {Society for Industrial and Applied Mathematics},
	Series = {SODA '04},
	Title = {Network failure detection and graph connectivity},
	Year = {2004},
	Bdsk-Url-1 = {http://dl.acm.org/citation.cfm?id=982792.982803}}

@article{KleinbergSS08,
	Author = {Kleinberg, Jon M. and Sandler, Mark and Slivkins, Aleksandrs},
	Date-Added = {2014-03-14 10:49:40 -0400},
	Date-Modified = {2014-03-25 09:30:21 -0400},
	Doi = {10.1137/070697793},
	Journal = {SIAM J. Comput.},
	Number = {4},
	Pages = {1330--1346},
	Title = {Network Failure Detection and Graph Connectivity},
	Volume = {38},
	Year = {2008},
	Bdsk-Url-1 = {http://epubs.siam.org/doi/abs/10.1137/070697793},
	Bdsk-Url-2 = {http://dx.doi.org/10.1137/070697793}}

@article{KranakisKRUW97,
	Author = {Kranakis, Evangelos and Krizanc, Danny and Ruf, Berthold and Urrutia, Jorge and Woeginger, Gerhard},
	Date-Added = {2013-04-28 14:39:19 -0400},
	Date-Modified = {2014-03-25 09:30:27 -0400},
	Doi = {10.1016/S0166-218X(96)00137-0},
	Issn = {0166-218X},
	Journal = {Discrete Applied Mathematics},
	Number = {3},
	Pages = {237--257},
	Title = {The {VC}-dimension of set systems defined by graphs},
	Volume = {77},
	Year = {1997},
	Bdsk-Url-1 = {http://www.sciencedirect.com/science/article/pii/S0166218X96001370},
	Bdsk-Url-2 = {http://dx.doi.org/10.1016/S0166-218X(96)00137-0}}

@article{AnthonyBC95,
	Author = {Anthony, Martin and Brightwell, Graham and Cooper, Colin},
	Date-Added = {2013-04-28 14:37:14 -0400},
	Date-Modified = {2014-03-25 09:29:50 -0400},
	Doi = {10.1016/0012-365X(94)00187-N},
	Issn = {0012-365X},
	Journal = {Discrete Mathematics},
	Number = {1--3},
	Pages = {43--56},
	Title = {The {V}apnik-{C}hervonenkis dimension of a random graph},
	Volume = {138},
	Year = {1995},
	Bdsk-Url-1 = {http://www.sciencedirect.com/science/article/pii/0012365X9400187N},
	Bdsk-Url-2 = {http://dx.doi.org/10.1016/0012-365X(94)00187-N}}

@article{YcartR07,
	Author = {Ycart, B. and Ratsaby, J.},
	Date-Added = {2013-04-28 14:32:34 -0400},
	Date-Modified = {2014-03-25 09:30:51 -0400},
	Doi = {10.1002/rsa.20142},
	Issn = {1098-2418},
	Journal = {Random Structures \& Algorithms},
	Keywords = {random hypergraph, Vapnik--Chervonenkis, testing dimension, threshold},
	Number = {4},
	Pages = {564--572},
	Publisher = {Wiley Subscription Services, Inc., A Wiley Company},
	Title = {The {VC} dimension of k-uniform random hypergraphs},
	Volume = {30},
	Year = {2007},
	Bdsk-Url-1 = {http://dx.doi.org/10.1002/rsa.20142}}

@article{MubayiZ07,
	Author = {Mubayi, Dhruv and Zhao, Yi},
	Date-Added = {2013-04-28 14:28:54 -0400},
	Date-Modified = {2014-03-25 09:30:42 -0400},
	Doi = {10.1007/s10801-006-0025-4},
	Issn = {0925-9899},
	Journal = {Journal of Algebraic Combinatorics},
	Keywords = {Trace; Hypergraph; VC-dimension; Extremal problems},
	Language = {English},
	Number = {1},
	Pages = {101--110},
	Publisher = {Kluwer Academic Publishers-Plenum Publishers},
	Title = {On the {VC}-dimension of uniform hypergraphs},
	Volume = {25},
	Year = {2007},
	Bdsk-Url-1 = {http://dx.doi.org/10.1007/s10801-006-0025-4}}

@inproceedings{AbrahamDFGW11,
	Author = {Abraham, Ittai and Delling, Daniel and Fiat, Amos and Goldberg, Andrew V. and Werneck, Renato F.},
	Booktitle = {Automata, Languages and Programming},
	Date-Added = {2013-04-28 14:22:53 -0400},
	Date-Modified = {2014-03-25 09:29:39 -0400},
	Doi = {10.1007/978-3-642-22006-7_58},
	Pages = {690--699},
	Publisher = {Springer Berlin Heidelberg},
	Series = {Lecture Notes in Computer Science},
	Title = {{VC}-Dimension and Shortest Path Algorithms},
	Volume = {6755},
	Year = {2011},
	Bdsk-Url-1 = {http://www.springerlink.com/content/5k83q577q27j4331/fulltext.pdf},
	Bdsk-Url-2 = {http://dx.doi.org/10.1007/978-3-642-22006-7_58}}

@article{LuczakT10,
	Abstract = {The Vapnik-\v{C}ervonenkis dimension is a complexity measure of set-systems, or hypergraphs. Its application to graphs is usually done by considering the sets of neighborhoods of the vertices (cf. Alon et al. (2006) and Chepoi, Estellon, and Vaxes (2007)), hence providing a set-system. But the graph structure is lost in the process. The aim of this paper is to introduce the notion of paired VC-dimension, a generalization of VC-dimension to set-systems endowed with a graph structure, hence a collection of pairs of subsets.},
	Author = {{\L}uczak, Tomasz and Thomass{\'e}, St{\'e}phan},
	Date-Added = {2013-04-28 14:21:55 -0400},
	Date-Modified = {2014-03-25 09:30:34 -0400},
	Eprint = {1007.1670},
	Journal = {CoRR abs/1007.1670},
	Month = jul,
	Title = {Coloring dense graphs via {VC}-dimension},
	Year = {2010},
	Bdsk-Url-1 = {http://arxiv.org/abs/1007.1670}}
