/Users/rionda/Documents/uni/dissertation/biblio/vcmine.bib